[gd_scene load_steps=20 format=2]

[ext_resource path="res://src/player/player.gd" type="Script" id=1]
[ext_resource path="res://src/player/player_camera.gd" type="Script" id=2]
[ext_resource path="res://spr/player/woolf.png" type="Texture" id=3]
[ext_resource path="res://src/player/gun.gd" type="Script" id=4]
[ext_resource path="res://snd/sfx/gunshot.ogg" type="AudioStream" id=5]
[ext_resource path="res://src/player/hud.gd" type="Script" id=6]
[ext_resource path="res://src/player/player_money_label.gd" type="Script" id=7]
[ext_resource path="res://snd/sfx/blip.ogg" type="AudioStream" id=8]
[ext_resource path="res://src/player/style_area.gd" type="Script" id=9]
[ext_resource path="res://src/player/dodge_slowdown_area.gd" type="Script" id=10]

[sub_resource type="CircleShape2D" id=1]
radius = 15.0

[sub_resource type="DynamicFontData" id=2]
font_path = "res://fnt/Raleway-Medium.ttf"

[sub_resource type="DynamicFont" id=3]
outline_size = 1
outline_color = Color( 0, 0, 0, 1 )
use_mipmaps = true
use_filter = true
font_data = SubResource( 2 )

[sub_resource type="Animation" id=4]
resource_name = "RedBreathe"
length = 1.5
loop = true
tracks/0/type = "value"
tracks/0/path = NodePath("RedCover:color")
tracks/0/interp = 2
tracks/0/loop_wrap = true
tracks/0/imported = false
tracks/0/enabled = true
tracks/0/keys = {
"times": PoolRealArray( 0, 0.9 ),
"transitions": PoolRealArray( 1, 1 ),
"update": 0,
"values": [ Color( 1, 0.568627, 0.568627, 1 ), Color( 1, 1, 1, 1 ) ]
}
tracks/1/type = "value"
tracks/1/path = NodePath("RedCover/ColorRect:modulate")
tracks/1/interp = 1
tracks/1/loop_wrap = true
tracks/1/imported = false
tracks/1/enabled = true
tracks/1/keys = {
"times": PoolRealArray( 0, 0.9 ),
"transitions": PoolRealArray( 1, 1 ),
"update": 0,
"values": [ Color( 1, 1, 1, 0.329412 ), Color( 1, 1, 1, 0.317647 ) ]
}

[sub_resource type="CanvasItemMaterial" id=5]
blend_mode = 3

[sub_resource type="DynamicFont" id=6]
size = 48
use_mipmaps = true
use_filter = true
font_data = SubResource( 2 )

[sub_resource type="DynamicFont" id=7]
use_mipmaps = true
use_filter = true
font_data = SubResource( 2 )

[sub_resource type="CircleShape2D" id=8]
radius = 111.615

[sub_resource type="CircleShape2D" id=9]
radius = 80.0

[node name="Player" type="KinematicBody2D"]
script = ExtResource( 1 )

[node name="CollisionShape2D" type="CollisionShape2D" parent="."]
shape = SubResource( 1 )

[node name="PlayerCamera" type="Camera2D" parent="."]
current = true
zoom = Vector2( 1.1, 1.1 )
process_mode = 0
smoothing_enabled = true
smoothing_speed = 20.0
drag_margin_left = 0.15
drag_margin_top = 0.15
drag_margin_right = 0.15
drag_margin_bottom = 0.15
editor_draw_drag_margin = true
script = ExtResource( 2 )

[node name="Sprite" type="Sprite" parent="."]
rotation = 1.57079
scale = Vector2( 2, 2 )
texture = ExtResource( 3 )

[node name="Gun" type="Node2D" parent="."]
position = Vector2( 18.1364, 15.4016 )
script = ExtResource( 4 )

[node name="gunshot" type="AudioStreamPlayer" parent="Gun"]
stream = ExtResource( 5 )
bus = "SFX"

[node name="ColorRect" type="ColorRect" parent="."]
anchor_left = 0.5
anchor_top = 0.5
anchor_right = 0.5
anchor_bottom = 0.5
margin_left = 8.0
margin_top = 14.0
margin_right = 15.0
margin_bottom = 17.0
color = Color( 0, 0, 0, 1 )

[node name="MuzzleFlash" type="ColorRect" parent="."]
anchor_left = 0.5
anchor_top = 0.5
anchor_right = 0.5
anchor_bottom = 0.5
margin_left = 15.0
margin_top = 13.0
margin_right = 23.0
margin_bottom = 18.0
color = Color( 47.98, 47.67, 45.35, 1 )

[node name="PlayerHUD" type="CanvasLayer" parent="."]
script = ExtResource( 6 )

[node name="PlayerMoneyLabel" type="Label" parent="PlayerHUD"]
anchor_left = 0.5
anchor_top = 0.5
anchor_right = 0.5
anchor_bottom = 0.5
margin_left = -341.5
margin_top = -224.117
margin_right = -298.5
margin_bottom = -204.117
rect_pivot_offset = Vector2( 21.52, 10.85 )
custom_fonts/font = SubResource( 3 )
text = "$0.00"
align = 1
script = ExtResource( 7 )

[node name="AnimationPlayer" type="AnimationPlayer" parent="PlayerHUD"]
autoplay = "RedBreathe"
anims/RedBreathe = SubResource( 4 )

[node name="RedCover" type="ColorRect" parent="PlayerHUD"]
visible = false
material = SubResource( 5 )
anchor_right = 1.0
anchor_bottom = 1.0
color = Color( 1, 0.568627, 0.568627, 1 )

[node name="ColorRect" type="ColorRect" parent="PlayerHUD/RedCover"]
modulate = Color( 1, 1, 1, 0.329412 )
anchor_right = 1.0
anchor_bottom = 1.0
color = Color( 1, 0, 0, 1 )

[node name="MoneyLabel" type="Label" parent="PlayerHUD"]
anchor_left = 1.0
anchor_right = 1.0
margin_left = -352.0
margin_top = 10.0
margin_right = -13.0
margin_bottom = 106.0
custom_fonts/font = SubResource( 6 )
custom_colors/font_color_shadow = Color( 0, 0, 0, 1 )
custom_constants/shadow_offset_x = 1
text = "$5000.00"
align = 2

[node name="tick" type="AudioStreamPlayer" parent="PlayerHUD/MoneyLabel"]
stream = ExtResource( 8 )
volume_db = -5.0
pitch_scale = 0.6
bus = "SFX"

[node name="CostLabel" type="Label" parent="PlayerHUD"]
anchor_top = 1.0
anchor_bottom = 1.0
margin_left = 11.4558
margin_top = -98.568
margin_right = 187.456
margin_bottom = 1.43201
custom_fonts/font = SubResource( 7 )
custom_colors/font_color_shadow = Color( 0, 0, 0, 1 )
custom_constants/shadow_offset_x = 1
text = "Cost"
valign = 2

[node name="EnemiesLabel" type="Label" parent="PlayerHUD"]
anchor_left = 1.0
anchor_top = 1.0
anchor_right = 1.0
anchor_bottom = 1.0
margin_left = -185.431
margin_top = -105.144
margin_right = -9.43115
margin_bottom = -5.14429
custom_fonts/font = SubResource( 7 )
custom_colors/font_color_shadow = Color( 0, 0, 0, 1 )
custom_constants/shadow_offset_x = 1
text = "Cost"
align = 2
valign = 2

[node name="StaticBodyStyleStopperRaycast" type="RayCast2D" parent="."]
enabled = true

[node name="StyleArea" type="Area2D" parent="."]
modulate = Color( 0.172549, 1, 0, 1 )
script = ExtResource( 9 )

[node name="CollisionShape2D" type="CollisionShape2D" parent="StyleArea"]
position = Vector2( 1.84811, 0 )
shape = SubResource( 8 )

[node name="DodgeSlowdownArea" type="Area2D" parent="."]
script = ExtResource( 10 )

[node name="CollisionShape2D" type="CollisionShape2D" parent="DodgeSlowdownArea"]
modulate = Color( 0.878431, 0.0235294, 1, 1 )
shape = SubResource( 9 )

